101                    1804181557A094101                                                      
5200Your Company IncTrans Description   123456789 WEBTrans Desc123   1804181233081000210000001
626081000032081000210        0000001201081000210      John Smith            S 1081000210000001
799R32081000030000004      08100021AddendaReturnDesc                           081000210000001
820000000200081000030000000012010000000000001111111111                         081000210000001
9000001000001000000020008100003000000001201000000000000                                       
9999999999999999999999999999999999999999999999999999999999999999999999999999999999999999999999
9999999999999999999999999999999999999999999999999999999999999999999999999999999999999999999999
9999999999999999999999999999999999999999999999999999999999999999999999999999999999999999999999
9999999999999999999999999999999999999999999999999999999999999999999999999999999999999999999999
