101 081000032 1234567891803191550A094101Some Bank              Your Company Inc       #A000001
5220Your Company Inc                    0123456789WEBTrans DescMar 29180329   1081000030000001
6220810002105654221          0000017500RAj##32b1kn1bb3Luke Skywalker        S 0081000030000001
6220810002105654223          0000013300RAj##32b1kn1bb4Luke2 Skywalker2      S 0081000030000002
822000000200162000420000000000000000000308000123456789                         081000030000001
9000001000001000000020016200042000000000000000000030800                                       
9999999999999999999999999999999999999999999999999999999999999999999999999999999999999999999999
9999999999999999999999999999999999999999999999999999999999999999999999999999999999999999999999
9999999999999999999999999999999999999999999999999999999999999999999999999999999999999999999999
9999999999999999999999999999999999999999999999999999999999999999999999999999999999999999999999